% Encoding: UTF-8

@Article{CIS-113746,
  author   = {Duncan, George T. and de Wolf, Virginia A. and Jabine, Thomas B. and Straf, Miron L.},
  title    = {Report of the Panel on Confidentiality and Data Access},
  journal  = {Journal of Official Statistics},
  year     = {1993},
  volume   = {9},
  pages    = {271--274},
  keywords = {Government statistics},
}

@Article{CIS-92124,
  author   = {Duncan, George T. and de Wolf, Virginia A.},
  title    = {The federal statistical system amidst the rising tension between privacy and data access},
  journal  = {CHANCE},
  year     = {1990},
  volume   = {3},
  number   = {3},
  pages    = {45--48},
  keywords = {Government statistics, Confidentiality},
}

@Comment{jabref-meta: databaseType:biblatex;}
